1531 2098
612 290 705 309 CANTUS
721 290 825 309 DECIMUS
840 291 936 309 SEXTUS.
1119 288 1163 310 531

376 344 438 361 rum
449 334 473 367 (“)
495 337 642 370 animarum,
662 339 759 363 dicens:
783 341 808 364 et
828 339 874 363 illae
891 341 940 364 tres
958 340 1062 371 umbrae,
1080 341 1162 364 venian

374 384 422 401 ver
438 378 486 408 noi,
496 385 509 402 e
524 379 634 403 ciascuna
647 380 759 409 qridana,
774 379 864 404 scilicet
876 380 983 411 ipsarum
997 380 1072 405 trium
1085 381 1165 411 simul,

371 417 413 442 ita
431 418 499 449 quod
515 425 601 443 omnes
618 421 668 443 tres
685 419 824 443 clamabant
835 421 860 443 et
871 420 935 444 idem
949 421 1071 451 petebant,
1083 421 1164 444 sostati

371 460 412 488 tu,
431 458 493 482 idest
510 465 644 490 remorare,
661 460 701 483 che
717 466 747 483 ne
762 460 856 490 membri,
874 460 935 485 idest
945 457 969 491 (²)
986 461 1075 485 videris
1086 460 1163 491 nobis,

370 505 445 522 esser
462 500 531 523 alcun
546 500 572 523 di
587 502 670 523 nostra
684 502 749 524 terra
757 507 846 530 prava,
860 500 921 525 idest
933 501 963 525 de
975 501 1096 526 Florentia
1108 507 1164 532 quae

374 538 456 563 habet
473 539 538 563 cives
555 546 650 571 pravos,
668 542 692 564 et
709 540 775 564 dicit:
788 547 804 564 α
816 541 830 564 l'
835 541 905 570 abito,
918 541 974 572 quia
986 541 1051 565 cives
1063 541 1164 565 alicuius

372 579 468 611 patriae
476 580 554 604 solent
568 580 698 604 internosci
710 580 741 605 ab
752 581 805 605 aliis
817 581 847 605 ad
861 581 971 605 habitum
984 581 1098 612 vestium,
1109 581 1165 605 licet

371 620 455 644 hodie
473 622 508 644 tot
523 620 569 644 sint
584 621 680 645 habitus
692 621 886 652 florentinorum,
899 623 960 652 quot
974 621 1056 645 vultus
1068 628 1164 652 eorum,

371 660 445 684 sicut
463 662 588 691 reportant
608 661 639 685 de
658 661 760 685 diversis
777 661 887 692 partibus
907 661 999 692 mundi,
1020 668 1064 692 per
1090 668 1164 692 quem

372 707 480 732 semper
497 701 637 725 discurrunt
649 701 756 725 velocius
768 708 843 732 quam
855 701 894 725 hic
905 707 949 732 per
961 702 1164 726 arenam—Alli.

372 740 425 764 liic
446 743 520 765 autor
540 741 707 772 descripturus
730 748 819 765 novam
836 748 934 772 poenam
953 741 1064 772 istorum,
1083 741 1165 772 incipit

374 781 411 805 ab
430 781 609 806 exclamatione
626 781 721 805 dicens:
740 782 785 805 Ahi
801 788 845 811 me,
863 781 930 812 idest,
940 782 988 805 heu
1008 781 1079 805 mihi!
1093 781 1163 812 quasi

375 821 457 845 dicat:
470 821 580 846 dolenter
592 821 679 852 resero,
695 823 719 845 et
730 821 783 845 sine
794 821 878 845 dolore
891 821 983 846 referre
996 828 1043 845 non
1056 828 1163 852 possum,

377 862 421 885 che
435 862 522 892 piaylze
537 863 585 886 vidi
601 863 639 886 nei
655 863 693 886 lor
709 862 813 892 membri,
831 861 892 886 idest
909 861 1033 887 cicatrices
1050 869 1106 893 quae
1124 869 1164 886 re-

379 904 483 926 manent
501 909 531 926 ex
549 902 670 927 inustione
680 899 704 932 (³)
722 904 746 926 et
763 904 871 933 coctura,
886 902 948 927 sicut
959 904 1024 934 patet
1037 902 1061 926 in
1073 903 1109 927 his
1121 903 1163 933 qui

380 942 508 967 hullantur
516 943 555 967 vel
564 942 776 973 excarnificantur,
786 945 811 967 et
823 943 962 967 lacerantur
974 950 1031 967 cum
1044 943 1162 967 tenaculis

383 983 469 1007 l'erreis
486 982 575 1014 ignitis;
587 985 612 1007 et
629 983 698 1007 dicit:
715 983 801 1006 recenti
816 989 829 1006 e
845 984 940 1013 vecchie,
953 985 1051 1014 propter
1069 985 1164 1007 veteres

383 1026 406 1048 et
423 1030 501 1047 novas
518 1024 637 1054 flammas,
649 1029 705 1054 quae
722 1022 812 1047 dantur
824 1023 947 1047 veteribus
959 1025 983 1048 et
995 1023 1063 1048 novis
1074 1023 1164 1054 culpis;

384 1070 440 1087 nam
458 1063 564 1088 extincta
586 1070 635 1088 una
653 1063 752 1087 flamma
770 1063 880 1094 libidinis,
898 1063 1023 1087 revirescit
1032 1059 1057 1093 (“)
1074 1063 1122 1087 alia
1140 1063 1163 1087 in

384 1102 440 1134 istis,
458 1103 513 1127 ideo
529 1103 596 1128 dicit:
613 1104 687 1127 incese
698 1104 762 1127 dale
771 1104 874 1133 fiamine,
887 1102 947 1127 idest
959 1103 1083 1134 impressae
1098 1103 1165 1127 carni

384 1150 470 1168 eorum
484 1143 516 1168 ab
528 1143 639 1168 incendio
656 1143 822 1174 flammarum,
832 1145 855 1167 et
869 1142 936 1167 dicit:
949 1150 1025 1167 ancor
1036 1150 1088 1167 men
1099 1144 1166 1167 duole

381 1191 427 1214 pur
444 1184 505 1208 ch¹io
522 1191 558 1208 me
574 1191 603 1208 ne
619 1184 747 1213 m'membri,
765 1183 825 1208 idest
843 1183 977 1208 dummodo
992 1183 1107 1208 recorder
1124 1190 1166 1208 ra-

384 1224 448 1249 tione
465 1231 545 1256 poenae
565 1227 590 1249 et
607 1224 700 1249 ratione
717 1224 834 1255 insamiae5
853 1224 917 1249 unde
935 1226 991 1248 nota
1010 1224 1075 1255 quod
1092 1226 1165 1249 autor

384 1267 499 1290 movetur
515 1264 546 1289 ad
563 1264 759 1296 compatiendum
771 1262 796 1295 (⁵)
815 1264 873 1295 istis,
888 1267 939 1288 tum
955 1264 1050 1289 ratione
1061 1264 1165 1296 publica,

384 1305 499 1336 quoniam
511 1302 535 1336 (⁶)
554 1305 619 1330 cives
636 1307 713 1335 erant,
731 1307 784 1328 tum
804 1304 898 1329 ratione
912 1304 1013 1336 privata,
1026 1305 1084 1336 quia
1095 1307 1165 1329 erant

384 1345 494 1370 homines
514 1345 595 1377 magni
619 1345 785 1369 valoris—A
805 1345 825 1368 le
847 1345 890 1368 lor.
913 1345 955 1369 Hic
973 1347 1046 1369 autor
1062 1344 1166 1369 ostendit

384 1385 508 1416 quomodo
529 1385 642 1417 Virgilius
660 1385 743 1409 fecerit
764 1391 821 1409 eum
843 1385 983 1409 benivolum
1002 1386 1027 1409 et
1044 1386 1163 1409 attentum

384 1432 442 1457 erga
459 1425 525 1450 istos.
543 1425 656 1457 Virgilius
674 1432 734 1457 ergo
743 1421 768 1456 (⁷)
787 1432 936 1457 cognoscens
954 1425 1011 1449 istos
1029 1425 1070 1455 qui
1091 1431 1165 1449 voca-

384 1465 440 1490 bant
457 1465 570 1496 Dantem,
582 1465 637 1490 licet
649 1472 697 1489 non
709 1467 886 1497 cognoscerent
904 1472 970 1496 eum,
981 1471 1026 1489 nec
1044 1471 1164 1496 recogno-

380 1508 511 1540 ¹scerentur
527 1505 559 1530 ab
576 1512 613 1537 eo,
631 1506 751 1530 convertit
771 1513 797 1531 se
814 1506 844 1531 ad
868 1513 933 1537 eum,
954 1507 979 1530 et
998 1505 1118 1537 persuasit
1138 1507 1165 1529 ut

423 1591 442 1612 (“)
453 1591 470 1608 S.
481 1592 553 1609 laurum
565 1591 638 1609 aliarum
649 1592 752 1609 animarum.
831 1591 849 1627 (ἶ)
861 1592 880 1608 E.
892 1592 945 1621 ³⁶⁶⁵&
952 1591 982 1613 qui
995 1591 1057 1608 videris
1067 1595 1110 1607 esse.

451 1617 463 1634 s
473 1619 640 1665 :sggffnatlen'tiam
650 1644 704 1661 istius.
830 1618 849 1664 (εἰ
859 1617 881 1660 ἓ.
891 1617 1006 1664 ἑεῧνθὶκέζίι.
