1531 2098
1118 283 1164 305 529

360 410 492 433 GANTUS
511 411 639 433 DECIMUS
660 411 777 439 SEXTUS,
796 412 820 434 in
837 419 877 440 quo
897 414 974 434 tractat
995 413 1020 434 de
1038 413 1115 435 eisdem
1130 420 1166 435 su-

424 449 502 476 perbis
516 449 597 471 entibus
615 450 640 471 in
657 449 727 471 eodem
748 449 792 472 loco
811 450 850 471 sub
869 450 929 472 titulo
947 450 1054 472 Guidonis
1070 451 1165 477 Gumae,

428 485 506 508 Jacobi
514 486 633 509 Rusticucoi
643 489 663 509 et
676 487 780 515 Theyhiai
791 487 816 509 de
826 487 946 514 Florentia,
958 495 1004 510 cum
1015 488 1090 516 quibus
1099 488 1166 510 multa

427 524 554 551 waplam,-
569 526 589 546 εἰ
603 525 627 546 in
637 525 681 551 fine
692 525 747 546 sim
757 525 956 552 appropinquarunt
966 525 1046 552 flumen
1057 525 1164 547 Ger-ionis.

432 626 509 682 Gn*
526 664 569 681 era
585 658 610 681 in
628 658 678 681 loco
695 664 738 681 ove
753 658 832 682 s'udia
845 658 864 681 il
875 658 1011 682 rimbombo.
1030 658 1163 689 Postquam

383 697 404 722 in
422 697 543 729 superiori
560 698 666 729 capitulo
683 700 756 722 autor
775 700 857 722 noster
874 698 985 722 tractavit
994 695 1020 728 (¹)
1041 698 1071 723 de
1092 705 1165 730 poena

383 738 527 762 clericorum
545 738 586 769 qui
604 739 697 770 operati
709 741 765 763 sunt
778 739 952 770 turpitudinem
967 739 991 762 in
1006 739 1120 763 masculis
1132 739 1163 764 ob

382 778 514 803 carentiam
533 778 673 810 mulierum,
692 786 757 803 nunc
771 781 949 810 consequenter
961 779 985 803 in
998 779 1109 810 praesenti
1122 786 1164 804 ca-

382 818 458 849 pitulo
475 818 527 842 XVI
544 818 594 850 agit
612 821 635 843 et
653 821 741 843 tractat
758 818 788 843 de
805 826 878 850 poena
891 819 1009 843 laicorum
1024 821 1049 844 et
1060 820 1163 844 saecula‘-

382 859 454 890 rium,
473 859 515 890 qui
532 859 650 884 habentes
666 866 758 884 uxores
775 859 814 884 vel
831 859 925 891 copiam
944 859 1110 891 foeminarum,
1126 859 1162 884 usi

381 901 438 924 sunt
455 899 605 930 turpitudine
622 900 695 925 etiam
713 900 737 924 in
749 907 810 925 sexu
823 900 966 931 masculino,
981 902 1006 925 et
1017 900 1080 925 forte
1093 900 1162 925 abusi

381 939 481 964 suerunt
499 941 606 971 utroque
617 947 678 965 sexu
689 938 723 972 (²),
736 940 778 972 qui
792 940 816 964 in
828 940 914 965 eodem
927 940 1027 972 circulo,
1039 942 1065 965 et
1076 940 1161 965 eodem

381 979 437 1011 igne
451 979 594 1011 puniuntur.
612 980 641 1004 Et
658 980 722 1005 istud
735 980 868 1012 capitulum
881 982 960 1012 potest
972 980 1080 1005 breviter
1091 980 1162 1005 dividi

382 1020 404 1043 in
421 1022 530 1051 quatuor
541 1024 622 1051 partes
635 1021 776 1052 generale53
789 1020 814 1045 in
826 1027 932 1052 quarum
947 1020 1025 1052 prima
1036 1022 1109 1045 autor
1121 1019 1163 1044 de—

382 1060 464 1084 scribit
481 1062 530 1085 tres
548 1060 644 1092 spiritus
662 1061 794 1085 modernos
814 1062 972 1086 occurrentes
989 1060 1033 1085 sibi
1051 1067 1081 1085 ex
1100 1067 1163 1085 nova

383 1103 456 1131 secta,
465 1103 490 1125 et
502 1107 589 1125 eorum
599 1101 801 1132 praeparationem
811 1101 842 1125 ad
851 1101 1009 1132 loquendum.
1019 1101 1045 1124 In
1058 1100 1164 1125 secunda

382 1140 511 1165 introducit
528 1148 607 1165 uuum
625 1141 734 1172 ipsorum
744 1138 769 1172 (³)
788 1141 871 1172 trium,
890 1141 931 1172 qui
949 1141 1007 1172 petit
1024 1141 1055 1165 ab
1076 1142 1164 1165 autore

382 1180 421 1211 qui
439 1180 476 1211 sit,
490 1182 514 1205 et
529 1183 612 1205 narrat
630 1181 674 1205 sihi
691 1181 733 1212 qui
750 1181 798 1205 sint
815 1181 858 1212 ipsi
876 1183 933 1212 tres,
948 1181 992 1205 ibi:
1011 1181 1074 1205 Dela!
1085 1187 1109 1204 se
1120 1181 1165 1205 mi-

381 1222 449 1246 seria.
467 1221 494 1246 ln
518 1221 588 1247 tertia
610 1224 684 1246 autor
707 1222 837 1253 respondet
856 1221 887 1246 ad
909 1222 1018 1253 quaesita,
1035 1223 1060 1246 et
1080 1223 1164 1245 narrat

382 1262 541 1287 mutationem
551 1269 650 1286 morum
663 1268 714 1286 suae
726 1262 811 1293 patriae
821 1262 874 1293 illis,
883 1261 926 1286 ibi:
941 1262 1049 1293 S'i'sossi
1059 1263 1126 1286 stato.
1136 1261 1162 1285 In

383 1304 468 1333 quarta
486 1305 511 1327 et
528 1302 612 1327 ultima
631 1302 767 1334 ingreditur
785 1309 874 1327 novam
892 1302 1029 1333 materiam,
1047 1301 1104 1333 quia
1116 1301 1163 1326 sci-

382 1342 435 1367 licet
443 1342 575 1367 acceditad
583 1343 704 1367 circulum
714 1342 987 1374 sraudulentorum,ibi:
1000 1343 1027 1366 Io
1041 1342 1063 1365 lo
1074 1342 1161 1371 sequia.

383 1382 415 1407 Ad
432 1383 541 1414 primum
559 1383 612 1408 dico
630 1383 695 1414 quod
707 1385 780 1407 autor
791 1383 870 1414 primo
882 1382 995 1407 describit
1007 1384 1057 1406 tres
1068 1381 1162 1406 animas

383 1425 538 1448 occurrentes
556 1423 611 1454 sibi;
628 1425 653 1448 et
669 1423 749 1455 primo
761 1423 906 1448 continuans
920 1429 946 1447 se
958 1423 989 1447 ad
1000 1421 1161 1454 praecedentia

383 1462 438 1487 dixit
449 1459 482 1494 (⁸),
494 1463 560 1494 quod
574 1465 669 1488 tantum
687 1465 856 1495 processerant
873 1470 917 1495 per
934 1463 1011 1494 ripam
1030 1461 1097 1486 istius
1115 1461 1161 1485 ssu—

383 1503 459 1534 minis,
471 1503 538 1535 quod
546 1504 598 1536 jam
610 1504 837 1536 appropinquabant
848 1504 879 1528 ad
891 1504 964 1528 finem
974 1503 1048 1535 ipsius
1055 1500 1079 1534 (⁵)
1090 1502 1161 1534 primi

382 1543 463 1568 circuli
484 1544 606 1576 generalis
627 1544 799 1576 violentorum,
819 1544 861 1568 ubi
883 1544 907 1568 in
929 1543 977 1569 fine
997 1550 1080 1568 arenae
1097 1550 1162 1574 aqua

419 1615 438 1636 (⁴)
449 1615 471 1632 B.
481 1620 492 1632 e
500 1617 536 1636 ¹¹⁶,
543 1617 623 1634 tractavit
628 1619 645 1633 et
652 1617 774 1634 determinavit
779 1617 800 1633 de
807 1621 857 1638 μοι
864 1617 968 1633 elericorum
977 1617 994 1633 et
1000 1616 1120 1632 linter-torum
1127 1616 1162 1637 qui.

419 1641 437 1662 P)
448 1641 469 1658 Β.
479 1646 527 1662 nexu,
539 1643 556 1658 et
567 1642 585 1659 in
596 1642 664 1659 eodem.
828 1642 846 1663 (⁸)
857 1642 874 1659 S.
885 1642 962 1663 ipsorum
974 1641 1073 1663 spirituum,
1085 1641 1121 1662 qni.

418 1666 438 1688 (¹)
447 1666 465 1683 s.
476 1670 486 1683 a
498 1666 519 1684 B.
530 1667 577 1685 didi.
828 1667 846 1688 (¹)
858 1669 894 1688 uo,
905 1667 960 1684 ιιιῑιιι.

466 1702 480 1717 1.
1055 1702 1073 1717 u
