1531 2098
603 276 696 295 cfflws
713 277 817 295 necinus
833 278 929 296 SExTus.
1110 275 1156 297 539

373 325 503 349 mandiola.
521 325 590 350 Nunc
607 325 637 349 ad
655 325 750 350 literam
769 326 888 351 veniendo
907 326 964 351 dicit
984 327 1089 352 Jacobus
1106 327 1157 352 Ru-

372 365 484 390 sticutius
496 365 579 390 Danti:
592 367 672 396 questi,
689 367 704 390 1'
709 373 775 390 orme
791 367 816 390 di
832 368 868 391 cui
885 368 917 391 mi
930 368 982 391 vedi
993 370 1083 398 postam
1096 368 1157 393 idest

370 405 417 430 iste
434 406 505 430 cuius
522 406 623 437 vestigia
640 406 706 431 vides
724 413 764 431 me
782 407 887 438 calcare3
908 407 965 438 quia
985 407 1051 432 enim
1070 415 1156 433 move-

371 446 463 470 bantur
474 444 498 476 (¹)
516 446 657 476 frequenter
675 448 699 470 et
716 446 868 471 circulariter
886 454 949 471 unus
967 448 1095 479 premebat
1113 455 1156 473 ve-

372 486 445 519 stigia
461 486 569 518 alterius,
588 486 657 517 quasi
673 486 749 511 dicat:
767 487 791 511 in
809 487 879 512 cuius
896 488 1011 513 societate
1029 495 1069 513 me
1090 488 1157 513 vides

372 527 469 552 moveri
486 527 538 558 pari
556 534 636 558 passu,
654 527 711 558 quia
728 534 784 551 sum
803 528 848 552 sibi
869 528 949 552 socius
970 528 994 552 in
1016 535 1096 560 poena,
1114 528 1157 553 sed

372 575 424 592 non
435 567 553 592 deberem
565 574 618 592 esse
629 567 676 592 alia
689 568 736 598 via,
749 568 807 599 quia
819 568 868 599 ipse
878 566 903 599 (²)
917 568 961 592 suit
973 569 1059 593 nobilis
1070 569 1101 593 de
1112 575 1158 593 no-

373 608 416 632 bili
433 614 526 639 genere
542 609 566 632 et
583 607 728 639 magnificus
739 604 772 639 (³),
806 615 837 633 σο
858 615 918 633 vero
939 609 1049 640 ignobilis
1066 611 1091 633 et
1107 609 1159 640 ple-

371 648 453 679 beius,
468 649 496 679 su
512 649 537 672 di
552 649 630 678 grado
648 649 757 679 maggior
773 649 813 672 che
830 651 852 673 tu
869 656 917 673 non
939 650 1011 678 credi,
1035 650 1093 680 quia
1114 649 1159 674 suit

371 688 462 713 nobilis
479 695 570 720 eomes,
588 689 759 720 magnanimus
774 689 851 719 miles,
868 691 893 713 et
911 691 992 713 tamen
1004 691 1030 713 tn
1043 696 1092 713 non
1104 696 1159 714 cre-

370 729 409 753 dis
419 725 445 759 (⁴)
463 728 505 759 sic,
515 735 560 753 nec
578 729 674 753 videtur
692 728 733 759 sic⁷
751 729 808 759 quia
822 736 871 753 non
882 729 1026 754 discernitur
1038 736 1103 754 nunc
1114 736 1159 761 per

368 769 467 800 aliquid
478 766 501 799 (⁵)
512 769 610 800 signum
620 769 749 793 nobilitatis
761 769 800 793 vel
812 769 936 800 probitatis
948 769 972 793 in
984 769 1029 793 isto
1042 770 1096 794 loco
1105 777 1159 794 ma-

370 809 474 840 ledicto3
492 809 546 834 ideo
562 809 634 833 dicit:
652 811 707 833 tutto
724 810 764 833 che
784 810 846 833 nudo
864 816 876 833 e
892 810 992 839 dipelato
1012 810 1083 840 vada,
1101 810 1159 841 quia

372 849 467 874 scilicet
485 852 538 874 erat
555 851 620 873 totus
637 849 753 881 spoliatus
776 849 873 880 capillis,
895 849 979 880 barba,
1001 852 1026 874 et
1045 850 1159 874 omnibus

371 889 440 921 pilis;
458 889 526 920 quasi
543 889 607 914 dicat
625 890 706 914 tacite:
725 889 770 914 fuit
787 890 861 914 horno
878 896 975 921 magna}
992 890 1117 921 probitatis
1134 892 1160 915 et

373 930 457 961 samae,
478 930 533 954 licet
558 930 588 954 sit
610 937 675 954 nunc
697 930 731 955 ila
752 930 883 954 infamatus
905 930 949 954 isla
969 930 1034 962 turpi
1054 930 1158 955 macula.

370 970 404 994 Et
421 969 536 994 describit
558 976 616 994 eum
633 970 664 994 ab
680 969 736 994 avia
752 977 806 1001 sua,
826 970 924 994 dicens:
944 971 1020 1000 nipote
1036 972 1064 1001 su
1087 971 1115 995 de
1135 971 1160 994 la

370 1011 454 1035 buona
481 1010 628 1034 Gualdrada.
651 1010 687 1034 Ad
710 1010 776 1041 quod
797 1010 860 1035 bene
880 1010 1070 1042 intelligendum,
1094 1013 1160 1041 nota,

370 1051 443 1082 quod
460 1057 544 1075 eomes
560 1050 639 1075 Guido
656 1054 727 1076 vetus
744 1051 830 1075 habuit
841 1057 871 1075 ex
883 1050 946 1075 dicta
959 1050 1058 1075 domina
1069 1050 1160 1075 multos

373 1091 446 1122 filios,
468 1098 576 1122 quorum
597 1098 661 1116 unus
683 1093 785 1116 vocatus
807 1093 844 1115 est
865 1091 1035 1123 Guiglielmus;
1057 1097 1088 1115 ex
1110 1098 1160 1122 quo

370 1134 450 1156 natus
462 1133 499 1156 est
510 1138 593 1156 comes
609 1131 687 1156 Guido
704 1131 827 1162 Novellus,
840 1131 882 1162 qui
900 1131 977 1155 tenuit
994 1132 1088 1162 partem
1106 1131 1160 1162 ghi-

372 1171 501 1202 bellinam,
518 1174 543 1196 et
566 1171 611 1195 ruit
633 1172 740 1196 multum
762 1171 878 1203 armiger,
900 1173 925 1195 et
945 1171 1022 1195 multa
1041 1171 1097 1195 fecit
1116 1178 1160 1203 pro

373 1215 448 1244 parte
464 1212 603 1244 ghibellina,
620 1212 651 1237 de
668 1219 718 1243 quo
736 1218 800 1243 saepe
817 1211 843 1236 fit
861 1211 952 1236 mentio
969 1211 993 1235 in
1015 1211 1061 1236 isto
1078 1218 1160 1243 opere.

374 1253 446 1278 Alius
457 1253 502 1277 fuit
520 1255 621 1277 vocatus
638 1252 766 1284 Rogerius,
776 1259 806 1277 ex
819 1259 869 1283 quo
884 1254 955 1276 natus
968 1254 1005 1277 est
1022 1249 1100 1283 iste(‘')
1119 1259 1162 1277 co-

376 1301 431 1319 mes
449 1293 528 1318 Guido
545 1293 648 1318 Guerra.
666 1293 702 1317 Ex
720 1300 770 1324 quo
787 1294 861 1324 patet,
879 1292 944 1323 quod
959 1295 1065 1324 uterque
1075 1292 1161 1323 Guido,

377 1334 470 1359 scilicet
481 1334 596 1358 Novellus
607 1336 632 1358 et
643 1333 748 1364 Guerra,
758 1333 802 1358 suit
814 1340 890 1364 nepos
901 1333 970 1357 dictae
979 1333 1090 1357 dominae.
1101 1333 1161 1357 Nota

378 1374 461 1405 etiam,
479 1373 545 1405 quod
562 1373 606 1398 ista
624 1373 724 1405 egregia
738 1373 837 1405 juvenis
854 1375 941 1398 vocata
958 1375 994 1397 est
1007 1372 1105 1404 proprio
1116 1379 1161 1396 no-

379 1415 445 1439 mine
456 1414 619 1446 lnghuldrada
628 1411 665 1445 (⁷);
674 1414 717 1438 sed
729 1416 803 1438 autor
815 1413 892 1438 utitur
903 1413 1023 1438 vocabulo
1035 1411 1161 1436 communi

379 1457 403 1480 et
419 1456 545 1486 corrupto,
563 1461 612 1485 quo
629 1456 734 1478 utuntur
752 1454 868 1478 mulieres
885 1455 910 1477 et
927 1452 1048 1484 vulgares,
1066 1451 1108 1482 qui
1124 1451 1162 1476 di-

380 1497 440 1520 cunt
457 1494 609 1525 Gualdrada3
627 1494 689 1519 sicut
706 1501 753 1526 ego
771 1494 819 1518 vidi
836 1493 859 1517 in
877 1493 984 1524 quodam
1001 1492 1081 1516 amico
1098 1498 1162 1523 meo,

419 1582 439 1604 (¹)
451 1584 487 1603 1¹⁶,
498 1582 605 1599 volvebatur.
773 1582 792 1603 (¹)
803 1582 821 1599 S.
833 1582 864 1598 ine
875 1582 908 1598 fuit
918 1581 981 1598 nobilis
991 1581 1012 1597 de
1023 1581 1059 1597 alio
1069 1585 1139 1602 genere.

420 1609 438 1629 (¹)
450 1610 486 1628 ¹¹6.
498 1608 595 1630 mugnffloo.
775 1608 793 1629 (¹)
805 1608 826 1625 Ε.
838 1608 894 1625 credis
905 1607 934 1627 sic,
946 1607 986 1629 quin
998 1611 1033 1624 non
1044 1606 1154 1624 discernitur.

420 1634 439 1655 ι’)
449 1634 467 1651 S.
478 1638 488 1651 e
499 1634 520 1651 R
531 1634 606 1656 nliqund.
774 1634 792 1654 (¹)
803 1634 822 1651 Ε.
834 1634 865 1651 isle
876 1633 936 1650 Guido.

420 1659 439 1679 Γ)
451 1659 472 1676 E.
483 1659 674 1681 {infirmam—¹1⁶,
684 1659 804 1681 lnguldnda.
