1531 2098
541 278 633 297 camus
650 278 754 297 necinus
770 280 866 298 sax‘rus.
1046 277 1093 299 535

301 326 356 351 bra
375 333 463 351 eorum
486 327 541 351 oleo
564 327 603 352 vel
624 327 671 352 alio
680 326 705 358 (¹)
723 328 818 359 liquore
838 329 929 361 pingui,
954 331 981 353 ut
1002 330 1095 354 facilius

302 374 400 391 manus
417 367 541 391 laberetur
559 374 590 391 ex
608 367 741 398 liquiditate
755 365 780 399 (²)
799 370 823 393 et
840 375 884 400 per
902 370 1014 394 membra
1032 370 1095 394 mol-

302 407 338 431 lia
358 410 385 432 et
401 407 505 438 lubrica;
523 414 581 432 nam
599 411 690 439 quanto
708 415 748 433 res
765 411 838 433 uncta
856 409 942 434 fortius
959 410 1094 442 stringitur,

300 450 378 473 tanto
392 448 462 472 citius
480 448 585 472 elabitur
594 445 619 478 (³)
637 448 667 473 de
684 456 767 473 manu.
781 449 848 474 Sicut
859 450 933 474 etiam
949 457 963 474 a
975 450 1045 474 simili
1058 450 1094 475 vi-

298 488 399 513 demus
416 488 495 519 hodie,
506 488 537 512 ad
552 488 611 513 festa
628 489 737 514 maxime
754 497 810 520 quae
828 489 890 514 fiunt
907 490 931 514 in
949 490 1017 521 villis,
1027 491 1092 521 quod

298 529 430 553 luctantes
447 529 478 553 ad
495 529 593 553 brachia
606 529 722 553 abiiciunt
737 532 817 555 vestes
831 537 886 561 quae
900 530 1004 555 habeant
1015 531 1094 562 impe-

295 569 361 593 dire
382 576 433 600 eos,
456 571 480 594 et
501 571 635 600 antequam
658 576 685 594 se
707 570 804 601 capiant
825 571 918 595 avisant
939 571 1008 596 valde
1030 571 1094 596 bene

294 609 509 634 commoditatem
526 617 605 640 suam,
619 612 645 634 ut
663 610 768 634 habeant
779 606 803 640 (⁶)
821 611 924 642 quisque
942 618 1012 636 suam
1029 618 1094 643 prae-

295 650 454 682 rogativam.
476 650 546 674 Nunc
567 652 682 675 construe
706 651 739 675 sic
763 651 866 682 literam,
885 659 940 682 quae
962 654 998 677 est
1023 652 1094 677 valde

296 690 376 715 fortis
394 692 419 715 et
436 690 554 721 intricata,
572 692 596 715 et
612 690 677 715 dicas
694 691 739 715 sic:
757 698 770 715 e
785 692 893 715 ciust-uno
904 693 1019 716 drizzaro
1030 693 1049 716 il
1059 693 1094 716 vi-

293 732 385 761 sayio,
407 730 467 755 idest
489 731 569 756 visum
586 731 724 762 oculorum,
746 738 762 755 a
784 738 827 762 me,
845 734 869 756 et
878 729 903 762 (⁵)
922 732 1048 757 volventes
1064 739 1091 757 se

294 771 461 796 circulariter
486 771 511 795 in
536 770 626 802 girum,
644 771 742 802 quando
762 772 892 796 volvebant
912 774 981 804 terga
1003 773 1092 804 autori,

294 811 410 842 quilibet
433 811 611 836 retroflectebat
629 811 715 836 faciem
733 818 820 836 versus
836 814 958 844 autorem,
976 813 1009 837 ita
1026 813 1092 844 quod

294 852 392 876 vultus
410 851 512 876 faciebat
529 853 625 876 motum
642 852 794 876 contrarium
808 852 870 884 pedi,
882 853 939 883 quia
951 860 994 885 pes
1006 860 1092 878 move-

293 892 382 917 batur
399 892 424 916 in
435 895 514 923 antea,
527 892 609 917 vultus
621 899 681 917 vero
694 895 760 917 retro
772 895 825 924 post
837 895 948 925 tergum;
961 893 1015 918 ideo
1028 894 1092 918 bene

292 933 380 957 dicit:
398 930 418 956 si
434 933 474 957 che
490 933 508 956 il
523 934 590 963 collo,
608 933 706 957 flectens
724 940 750 957 se
763 935 836 964 retro,
847 935 916 964 facea
929 935 1023 964 viaqyio
1034 941 1092 958 con-

291 974 386 998 trario
402 974 428 997 ai
441 972 488 1004 piei,
506 975 530 997 et
546 973 611 1004 (licit,
628 974 744 1002 continuo,
759 973 865 1005 intellige
883 980 942 998 sane
959 981 1007 998 non
1025 974 1091 1005 quod

290 1021 395 1040 omnoe
411 1016 462 1038 tres
478 1014 551 1038 simul
569 1015 680 1038 tenerent
696 1013 781 1038 faciem
795 1020 882 1038 eorum
896 1014 1020 1045 reflexam,
1033 1014 1091 1045 quia

291 1055 372 1081 istud
390 1057 452 1079 esset
474 1054 575 1085 salsum5
593 1054 636 1078 sed
653 1054 752 1084 quilibet
770 1061 815 1078 sua
832 1054 893 1085 vice,
911 1054 1009 1085 quando
1027 1054 1091 1078 scili-

289 1098 344 1121 cet
354 1092 381 1126 (⁶)
401 1094 514 1119 veniebat
531 1094 560 1118 ad
576 1094 721 1118 vertendum
735 1097 804 1125 terga
816 1094 905 1125 autori,
918 1096 975 1118 tunc
987 1101 1091 1118 conver-

290 1137 374 1162 tebat
392 1135 498 1159 frontem
515 1141 601 1159 versus
618 1141 684 1165 eum,
702 1136 726 1159 et
744 1134 802 1165 quia
814 1134 942 1159 celerrime
957 1134 1090 1159 volveban-

289 1179 346 1202 tur
356 1172 392 1207 (⁷),
401 1175 455 1200 ideo
466 1182 564 1206 semper
577 1175 664 1206 aliquis
680 1175 784 1199 habehat
796 1175 901 1199 frontem
914 1177 980 1199 retro
992 1181 1088 1199 versam

288 1220 327 1243 et
346 1216 497 1242 contrariam
515 1215 576 1247 pedi,
589 1215 643 1240 ideo
659 1215 726 1240 dicit:
744 1216 876 1245 rotandosi,
887 1215 954 1246 idest,
967 1215 998 1239 ita
1011 1221 1038 1239 se
1051 1214 1090 1247 gi-

289 1257 386 1282 rando
402 1257 426 1280 in
443 1258 508 1287 rota3
526 1257 590 1287 qual,
604 1256 693 1280 scilicet
705 1255 812 1287 dirigere
829 1255 916 1286 visum,
936 1256 946 1279 i
964 1256 1090 1286 campioni,

288 1297 367 1322 idest
385 1296 486 1328 pugiles,
497 1295 539 1327 qui
556 1297 665 1327 pugnant
683 1295 707 1319 in
721 1302 809 1326 eampo
821 1295 852 1319 ad
864 1296 1041 1327 experientiam
1054 1296 1091 1320 vi-

289 1338 371 1362 rium
390 1343 493 1361 suarum
511 1343 556 1368 pro
572 1336 650 1368 gloria
662 1337 687 1360 et
701 1336 803 1366 honore,
815 1337 872 1360 nudi
882 1338 904 1360 ec
914 1337 975 1366 mzti;
988 1336 1021 1360 ira
1032 1335 1089 1360 fecit

284 1377 425 1403 Hercules
430 1373 454 1407 (⁸)
463 1376 569 1400 initurus
578 1376 668 1400 luctam
675 1372 699 1406 (¹³)
711 1382 769 1400 cum
776 1375 870 1400 Antlieo
879 1375 1047 1407 gigante‚quia
1053 1372 1089 1406 (¹⁰)

286 1417 419 1450 spoliavit
435 1423 461 1441 se
477 1416 540 1448 pelle
561 1416 644 1447 leonis,
662 1418 686 1440 et
710 1415 779 1440 unxit
801 1423 827 1439 se
844 1416 906 1445 oleo,
924 1415 986 1439 sicut
1006 1415 1090 1454 scribit

346 1505 365 1526 (¹)
377 1506 415 1524 ¹¹⁶.
426 1504 483 1525 aliquo
493 1504 566 1525 liquore.
692 1503 710 1523 (¹)
721 1503 738 1519 S.
749 1507 759 1519 e
770 1503 790 1519 E.
803 1503 899 1523 liquiditate
910 1507 941 1523 per
952 1502 1036 1519 membra.

347 1531 365 1552 (“)
377 1532 413 1549 118.
425 1530 495 1546 labitur.
693 1529 710 1549 (Ἴ
721 1529 738 1545 S.
750 1533 759 1545 e
771 1529 792 1545 E.
803 1530 823 1545 ιιι
834 1528 901 1545 habear.

348 1557 366 1577 (¹)
378 1556 399 1573 B.
410 1556 459 1575 idest,
470 1555 564 1572 volventes

347 1582 365 1603 Ρ)
377 1582 398 1598 13.
409 1581 474 1598 seilicet
485 1581 563 1598 vertebat
574 1582 623 1602 terga
633 1580 706 1599 auctori,
717 1581 735 1596 et
746 1580 830 1597 veniendo
841 1579 951 1596 convertebar
962 1579 1044 1596 frontem.

346 1608 365 1628 (¹)
378 1609 415 1627 ¹¹0,
426 1607 547 1624 movebuntur.

347 1633 366 1654 (¹)
378 1634 398 1650 E.
410 1633 496 1650 Herculeo
507 1633 563 1650 iturus
573 1633 659 1650 luctatum
671 1637 711 1649 cum
723 1632 793 1649 Anthea
804 1632 872 1649 inunxit
881 1636 900 1649 se
910 1631 956 1649 oleo.

347 1659 366 1680 (³)
377 1658 395 1676 S·
406 1663 488 1680 nucu-m-
683 1658 709 1678 (¹·)
720 1658 737 1675 S·
748 1658 784 1679 qui·
